<?xml version="1.0" encoding="UTF-8"?><record xmlns="http://www.loc.gov/MARC21/slim" xmlns:cinclude="http://apache.org/cocoon/include/1.0" xmlns:zs="http://www.loc.gov/zing/srw/">
  <leader>00889nz  a2200145n  4500</leader>
  <controlfield tag="001">no 90008885 </controlfield>
  <controlfield tag="003">DLC</controlfield>
  <controlfield tag="005">19900518052459.6</controlfield>
  <controlfield tag="008">900502n| acannaab|          |a ana      </controlfield>
  <datafield tag="010" ind1=" " ind2=" ">
    <subfield code="a">no 90008885 </subfield>
  </datafield>
  <datafield tag="040" ind1=" " ind2=" ">
    <subfield code="a">DLC-S</subfield>
    <subfield code="c">DLC-S</subfield>
  </datafield>
  <datafield tag="130" ind1=" " ind2="0">
    <subfield code="a">Revista brasileira de ciências sociais</subfield>
  </datafield>
  <datafield tag="410" ind1="2" ind2="0">
    <subfield code="a">Universidade Federal de Minas Gerais.</subfield>
    <subfield code="b">Faculdade de Ciências Econômicas.</subfield>
    <subfield code="t">Revista brasileira de ciências sociais</subfield>
  </datafield>
  <datafield tag="670" ind1=" " ind2=" ">
    <subfield code="a">OCLC 1587168: Revista brasileira de ciências sociais</subfield>
    <subfield code="b">(Revista brasileira de ciências sociais began publication with vol. 1 no. 1, nov. 1961 and was issued by the Faculdade de Ciências Econômicas, Universidade Federal de Minas Gerais)</subfield>
  </datafield>
  <datafield tag="670" ind1=" " ind2=" ">
    <subfield code="a">Arruda, M.A. do N. A modernidade possível, 1989, 2.a pt.:</subfield>
    <subfield code="b">anexo 1 (Revista brasileira de ciências sociais, publicação beginning with Vol. 1, no. 1, nov. de 1961 and ceasing with v. 4, no. 1, junho de 1966)</subfield>
  </datafield>
</record>